<?xml version="1.0" encoding="UTF-8"?><record xmlns="http://www.loc.gov/MARC21/slim" xmlns:cinclude="http://apache.org/cocoon/include/1.0" xmlns:zs="http://www.loc.gov/zing/srw/">
  <leader>00677cz  a2200145n  4500</leader>
  <controlfield tag="001">n  90721984 </controlfield>
  <controlfield tag="003">DLC</controlfield>
  <controlfield tag="005">20120802082507.0</controlfield>
  <controlfield tag="008">901207n| acannaab           |a ana      </controlfield>
  <datafield tag="010" ind1=" " ind2=" ">
    <subfield code="a">n  90721984 </subfield>
  </datafield>
  <datafield tag="040" ind1=" " ind2=" ">
    <subfield code="a">DLC</subfield>
    <subfield code="b">eng</subfield>
    <subfield code="c">DLC</subfield>
    <subfield code="d">DLC</subfield>
  </datafield>
  <datafield tag="111" ind1="2" ind2=" ">
    <subfield code="a">Colloque de Nivelles L'Ergonomie en informatique</subfield>
    <subfield code="d">(1985)</subfield>
  </datafield>
  <datafield tag="411" ind1="2" ind2=" ">
    <subfield code="a">Colloque "L'Ergonomie en informatique"</subfield>
    <subfield code="d">(1985 :</subfield>
    <subfield code="c">Nivelles, Belgium)</subfield>
  </datafield>
  <datafield tag="667" ind1=" " ind2=" ">
    <subfield code="a">THIS 1XX FIELD CANNOT BE USED UNDER RDA UNTIL THIS RECORD HAS BEEN REVIEWED AND/OR UPDATED</subfield>
  </datafield>
  <datafield tag="670" ind1=" " ind2=" ">
    <subfield code="a">Its L'homme et l'eĚcran, c1986:</subfield>
    <subfield code="b">t.p. (actes du Colloque de Nivelles L'Ergonomie en informatique) pref. (Colloque "L'Ergonomie en informatique"; held at Nivelles, Belgium, Nov. 1985)</subfield>
  </datafield>
</record>